@article{usherwood2005not,
  title={Why not walk faster?},
  author={Usherwood, James Richard},
  journal={Biology letters},
  volume={1},
  number={3},
  pages={338--341},
  year={2005}
}

@article{netz2020mechanisms,
  title={Mechanisms of airborne infection via evaporating and sedimenting droplets produced by speaking},
  author={Netz, Roland R},
  journal={The Journal of Physical Chemistry B},
  volume={124},
  number={33},
  pages={7093--7101},
  year={2020}
}

@book{Whiting:1999wv,
author = {Whiting, B and Herzog, W},
title = {{Theoretical Models of Skeletal Muscle: Biological and Mathematical Considerations}},
publisher = {Wiley},
year = {1999},
address = {Chichester}
}


@article{hill1938heat,
  title={The heat of shortening and the dynamic constants of muscle},
  author={Hill, Archibald Vivian},
  journal={Proceedings of the Royal Society of London. Series B-Biological Sciences},
  volume={126},
  number={843},
  pages={136--195},
  year={1938},
  publisher={The Royal Society London}
}
